@book{ANDERSON-CFD-95,
	author = {J. D. Anderson},
	title = {Computational Fluid Mechanics},
	publisher = {McGraw-Hill},
	year = {1995},
	edition = {1},
	subtitle = {The Basics with Applications}
}

@book{BRONSTEIN-93,
	author = {I.N. Bronstein and K.A. Semendjajew and G. Musiol and H. M\"{u}hlig},
	title = {Taschenbuch der Mathematik},
	publisher = {Verlag Harri Deutsch},
	year = {1993},
	edition = {6},

}

@book{PRANTL-02,
	author = {L. Prantl and H. Oertel},
	title = {F\"{u}hrer durch die Str\"{o}mungslehre},
	publisher = {Vieweg},
	year = {2002},
	edition = {11},

}

@book{SAENDIG-05,
	author = {A.-M. S{\"{a}}ndig},
        key={Sae05},
	title = {Mathematische Methoden in der Kontinuumsmechanik},
	publisher = {Institut f\"{u}r Angewandte Analysis und Numerische Simulation},
	year = {2005},
	edition = {1},

}

@book{ARFKEN2005,
	author = {G. B. Arfken and H. J. Weber},
	title = {Mathematical Methods for Physicists},
	publisher = {Academic Press},
	year = {2005},
	edition = {6},

}

@misc{DUNE-HP,
	key = {DUNE},
	title = {The {DUNE} Project: \url{http://www.dune-project.org/}},

}

@misc{UG-HP,
	key = {UG},
	title = {The {UG} Homepage: \url{http://sit.iwr.uni-heidelberg.de/~ug/}},

}

@misc{ALBERTA-HP,
	key = {ALBERTA},
	title = {The {ALBERTA} Website: \url{http://www.alberta-fem.de/}},

}

@misc{ALUGRID-HP,
	key = {ALU},
	title = {The {ALU}-{G}rid Website: \url{http://www.mathematik.uni-freiburg.de/IAM/Research/alugrid/}},

}

@phdthesis{CLASS2001,
	author = {H. Class},
	title = {Theorie und numerische Modellierung nichtisothermer Mehrphasenprozesse in NAPL-kontaminierten por\"{o}sen Medien.},
	school = {University of Stuttgart},
	year = 2001,

}

@phdthesis{SHETA1999,
	author = {H. Sheta},
	title = {Simulation von Mehrphasenvorg\"{a}engen in por\"{o}sen Medien unter Einbeziehung von Hystereseeffekten},
	school = {University of Stuttgart},
	year = 1999,

}

@phdthesis{HUBER2000,
	author = {R. U. Huber},
	title = {Compositional Multiphase Flow and Transport in Heterogeneous Porous Media},
	school = {University of Stuttgart},
	year = 2000,

}

@phdthesis{PAPAFOTIOU2008,
	author = {A. Papafotiou},
	title = {Numerical investigations of the role of hysteresis in heterogeneous two-phase flow systems},
	school = {University of Stuttgart},
	year = 2008,

}

@book{HELMIG1997,
	author = {R. Helmig},
	title = {Multiphase Flow and Transport Processes in the Subsurface: A Contribution to the Modeling of Hydrosystems},
	publisher = {Springer},
	year = 1997,
	edition = {1},

}

@book{BASTIAN1999,
	author = {P. Bastian},
	title = {Numerical Computation of Multiphase Flows in Porous Media},
	publisher = {Habilitationsschrift, University of Kiel},
	year = 1999,
	edition = {1},

}

@article{MUALEM1976,
	author = {Y. Mualem},
	title = {A new model for predicting the hydraulic conductivity of unsaturated porous media},
	journal = {Water Resources Research},
	year = 1976,
	volume = {12},
	number = 3,
	pages = {513--522},

}

@article{WHITAKER1985,
	author = {S. Whitaker},
	title = {Flow in porous media I: A theoretical derivation of Darcy's law},
	journal = {Transport in Porous Media},
	year = {1985},
	volume = {1},
	number = {1},
	pages = {3--25},

}

@article{MUCCINO1998,
	author = {J. C. Muccino and W. G. G. Gray and L. A. Ferrand},
	title = {Toward an Improved Understanding of Multiphase Flow in Porous Media},
	journal = {Reviews of Geophysics},
	year = {1998},
	volume = {36},
	number = {3},
	pages = {401--422},

}

@misc{DARCY1856,
	key = {Dar1856},
	author = {H. Darcy},
	title = {Les Fontaines publiques de la ville de Dijon},
	howpublished = {Paris},
	year = 1856,

}

@article{DITTERICH1996,
	author = {E. Ditterich},
	title = {Wirbel um den Bodenschutz},
	journal = {Umweltmagazin},
	year = 1996,
	number = 4,
	pages = {46--48},

}

@article{VANGENUCHTEN1980,
	author = {M. T. {van Genuchten}},
	title = {A Closed-form Equation for Predicting the Hydraulic Conductivity of Unsaturated Soils},
	journal = {Journal of the Soil Science Society of America},
	year = 1980,
	key = {Gen80},
	number = 44,
	pages = {892--898},

}

@article{AGRAWAL2001,
	author = {K. Agrawal and P. N. Loezos and M. Syamlal and S. Sundaresan},
	title = {The Role of Meso-Scale Structures in Rapid Gas-Solid Flows},
	journal = {Journal of Fluid Mechanics},
	year = {2001},
	number = {445},
	pages = {151--185},

}

@article{BEAUCHEMIN1995,
	author = {S. S. Beauchemin and J. L. Barron},
	title = {The computation of optical flow},
	journal = {ACM Computing Surveys},
	year = {1995},
	volume = {27},
	number = {3},
	pages = {433--466},

}

@book{MEYBERG2000,
	author = {K. Meyberg and P. Vachenauer},
	title = {H\"{o}here Mathematik 1},
	publisher = {Springer},
	year = 2001,
	edition = {6},

}

@book{GLADROW2000,
	author = {D. A. Wolf-Gladrow},
	title = {Lattice-Gas Cellular Automata and Lattice Boltzmann Models: An Introduction},
	publisher = {Springer},
	year = 2000,
	edition = {1},

}

@book{GRIEBEL2003,
	author = {M. Griebel and S. Knapek and G. Zumbusch and A. Caglar},
	title = {Numerische Simulation in der Molek\"{u}ldynamik},
	publisher = {Springer},
	year = 2003,
	edition = {1},

}

@book{KARNIADAKIS2005,
	author = {G. Karniadakis and A. Be{\c c}k\"{o}k and N. R. Aluru},
	title = {Microflows and Nanoflows: Fundamentals and Simulation},
	publisher = {Springer},
	year = 2005,
	edition = {1},

}

@book{MUSKAT1937,
	author = {M. Muskat},
	title = {The Flow of Homogeneous Fluids Through Porous Media},
	publisher = {McGraw-Hill},
	year = 1937,
	edition = {1},

}

@article{BURDINE1953,
	author = {N.T. Burdine},
	title = {Relative permeability calculations from pore size distribution data},
	journal = {Transactions of the American Institute of Mining and Metallurgical Engineers},
	year = 1953,
	volume = {198},
	pages = {71--78},

}

@article{TENG2000,
	author = {H. Teng and T.S. Zhao},
	title = {An extension of Darcy's law to non-Stokes flow in porous media},
	journal = {Chemical engineering science},
	year = 2000,
	volume = {55},
	number = 14,
	pages = {2727--2735},

}

@article{HASSANIZADEH1987,
	author = {S. M. Hassanizadeh and W. G. Gray},
	title = {High velocity flow in porous media},
	journal = {Transport in Porous Media},
	year = 1987,

}

@book{CLASS2007,
	author = {H. Class},
	title = {Models for Non-Isothermal Compositional Gas-Liquid Flow and Transport in Porous Media},
	publisher = {University of Stuttgart},
	year = 2007,
	edition = {1},

}

@misc{NUMPDESKRIPT,
	author = {P. Bastian},
	title = {Numerische L\"{o}sung partieller Differentialgleichungen},
	howpublished = {University of Stutt\-gart, Lecture Notes},
	year = 2007,

}

@book{LEVEQUE1992,
	author = {R. J. LeVeque},
	title = {Numerical Methods for Conservation Laws},
	publisher = {Birkh\"{a}user},
	year = 1992,
	edition = {2},

}

@misc{GSIMSKRIPT,
	author = {P. Bastian},
	title = {Grundlagen der Modellbildung und Simulation},
	howpublished = {University of Stuttgart, Lecture Notes},
	year = 2007,

}

@book{HYDROSKRIPT,
	author = {R. Helmig and H. Class},
	title = {Grundlagen der Hydromechanik},
	publisher = {Shaker},
	year = 2005,
	edition = {1},

}

@phdthesis{DeNEFF2000,
	author = {de Neef, M. J.},
	title = {Modeling Capillary Effects in Heterogeneous Porous Media},
	school = {Technical University Delft},
	year = 2000,

}

@article{BASTIAN-HELMIG1999,
	author = {P. Bastian and R. Helmig},
	title = {Efficient Fully-Coupled Solution Techniques for Two Phase Flow in Porous Media. Parallel Multigrid Solution and Large Scale Computations},
	journal = {Advances in Water Resources},
	year = 1999,
	volume = {23},
	number = 3,
	pages = {199--216},

}

@techreport{BROOKS1964,
	author = {R. H. Brooks and A. T. Corey.},
	title = {Hydraulic properties of porous media},
	institution = {Colorado State University, Fort Collins},
	year = 1964,
	note = {Hydrology Paper No. 3, 27 pp.},

}

@article{KOOL1987,
	author = {J. Kool and J. C. Parker and M. T. van Genuchten},
	title = {Parameter Estimation for Unsaturated Flow and Transport Models - A Review},
	journal = {Journal of Hydrology},
	year = 1987,
	volume = 91,
	pages = {255--293},

}

@article{PARKER1987,
	author = {J. C. Parker and R. J. Lenhard and T. Kuppusamy},
	title = {A Parametric Model for Constitutive Properties Governing Multiphase Flow in Porous Media},
	journal = {Water Resources Research},
	year = 1987,
	volume = 23,
	number = 4,
	pages = {618--624},

}

@article{LENHARD1987,
	author = {R. J. Lenhard and J. C. Parker},
	title = {A Model for Hysteretic Constitutive Relations Governing Multiphase Flow. 2. Permeability-Saturation Relations},
	journal = {Water Resources Research},
	year = 1987,
	volume = 23,
	number = 12,
	pages = {2197--2206},

}

@article{LAND1968,
	author = {C. S. Land},
	title = {Calculation of Imbibition Relative Permeability for Two- and Three-Phase Flow from Rock Properties},
	journal = {Journal of the Society of Petroleum Engineers},
	year = 1968,
	volume = 8,
	number = 2,
	pages = {149--156},

}

@article{KALUARACHCHI1992,
	author = {J. J. Kaluarachchi and J. C. Parker},
	title = {Multiphase Flow with a Simplified Model for Oil Entrapment},
	journal = {Transport in Porous Media},
	year = 1992,
	volume = 7,
	number = 1,
	pages = {1--14},

}

@book{ORTEGA2000,
	author = {J. M. Ortega and W. C. Rheinboldt},
	title = {Iterative Solution of Nonlinear Equations in Several Variables},
	publisher = {Society for Industrial and Applied Mathematics},
	year = {2000},
	address = {Philadelphia, PA, USA},
	edition = {1},

}

@book{MEISTER2008,
	author = {A. Meister},
	title = {Numerik linearer Gleichungssysteme: Eine Einf\"{u}hrung in moderne Verfahren.},
	publisher = {Vieweg},
	year = {2008},
	edition = {3},

}

@inproceedings{BURRI2006,
	author = {A. Burri and A. Dedner and R. Kl\"{o}fkorn and M. Ohlberger},
	title = {An efficient implementation of an adaptive and parallel grid in DUNE.},
	booktitle = {Computational Science and High Performance Computing II},
	pages = {67--82},
	year = 2006,
	volume = {91},
	publisher = {Springer},

}

@article{BASTIAN2008,
	author = {P. Bastian and M. Blatt and A. Dedner and C. Engwer and R. Kl\"{o}fkorn and R. Kornhuber and M. Ohlberger and O. Sander},
	title = {A Generic Grid Interface For Parallel and Adaptive Scientific Computing. Part II: implementation and tests in {DUNE}},
	journal = {Computing},
	year = 2008,
        volume = {82},
        number = {2},
	pages={121--138},
}

@book{DEBOOR1978,
	author = {C. {de Boor}},
	title = {A Practical Guide to Splines},
	publisher = {Springer},
	year = {1978},
	edition = {1},
}

@article{SPAETH1969,
	author = {H. Sp{\"{a}}th},
        key={Spa69},
	title = {Exponential Spline Interpolation},
	journal = {Computing},
	year = 1969,
        volume = {4},
        number = {3},
	pages={225--233},
}

@article{NIESSNER2005,
	author = {J. Niessner and R. Helmig and H. Jakobs and J. Roberts},
	title = {Interface Condition and Exact Linearization in the Newton Iterations for Two-phase Flow in Heterogeneous Porous Media},
	journal = {Advances in Water Resources},
	pages = {671--687},
	year = {2005},
	volume = {28},
        number = {7},
}


@article{BELIAEV2001,
	author = {A. Y. Beliaev and S. M. Hassanizadeh},
	title = {A Theoretical Model of Hysteresis and Dynamic Effects in the Capillary Relation for Two-phase Flow in Porous Media},
	journal = {  Transport in Porous Media},
	pages = {487--510},
	year = {2001},
	volume = {43},
        number = {3},
}
 